@book{o2013practical,
  title={Practical QlikView 2-Beyond Basic QlikView},
  author={O'Donovan, Mark},
  year={2013},
  publisher={Mark ODonovan}
}

@book{redmond2013qlikview,
  title={QlikView for Developers Cookbook},
  author={Redmond, Stephen},
  year={2013},
  publisher={Packt Publishing Ltd}
}

@misc{ExtensionDefinitionFileQlikCommunity,
		author = {{QlikTech}}, 
    title = "QlikView Extension Defintion file", 
    month = "Dezember", 
    year = "2014", 
    url = "http://qlikcommunity.s3.amazonaws.com/misc/Qv11/definition.htm",
}

@misc{Qlik,
		author = {{QlikTech}}, 
    title = "Business Intelligence and Data Visualization Software Company | Qlik", 
    month = "Februar", 
    year = "2014", 
    url = "http://www.qlik.com/en/company",
}

@misc{QlikViewPropertiesPages,  
    author = {{QlikTech}},
    title = "QlikView Properties Pages", 
    month = "Dezember", 
    year = "2014", 
    url = "http://qlikcommunity.s3.amazonaws.com/misc/Qv11/qvpp.htm",
} 

@misc{QlikViewAjaxJavaScriptLibraryAddExtension,  
	  author = {{QlikTech}},
    title = "QlikView Ajax JavaScript Library - AddExtension Function", 
    month = "Januar", 
    year = "2015", 
    url = "http://qlikcommunity.s3.amazonaws.com/misc/symbols/Qv.html#AddExtension",
}

@misc{EnhancementEnumDart,  
    title = "Issue 88 - dart - Enhancement: Enum - Dart - Structured Web Programming", 
    month = "Januar", 
    year = "2015", 
    url = "https://code.google.com/p/dart/issues/detail?id=88",
}

@misc{SupportForAwaitInDart,  
    title = "Issue 104 - dart - Support for await in Dart - Dart - Structured Web Programming", 
    month = "Januar", 
    year = "2015", 
    url = "https://code.google.com/p/dart/issues/detail?id=104",
}
@misc{JsDocReferenceGetCurrentSelections,  
    author = {{QlikTech}},
    title = "JsDoc Reference - Qv.Document - GetCurrentSelections", 
    month = "Januar", 
    year = "2015", 
    url = "http://qlikcommunity.s3.amazonaws.com/misc/symbols/Qv.Document.html#GetCurrentSelections",
}
@misc{DartStyleGuide,  
    title = "Dart Style Guide | Dart: Structured web apps", 
    month = "Januar", 
    year = "2015", 
    url = "https://www.dartlang.org/articles/style-guide/",
}

@misc{PubPackageLayoutConventions,  
    title = "Pub Package Layout Conventions | Dart: Structured web apps", 
    month = "Januar", 
    year = "2015", 
    url = "https://www.dartlang.org/tools/pub/package-layout.html",
}

@misc{PubspecFormat,  
    title = "Pubspec Format | Dart: Structured web apps", 
    month = "Januar", 
    year = "2015", 
    url = "https://www.dartlang.org/tools/pub/pubspec.html",
}



@misc{dart2js,  
    title = "dart2js: The Dart-to-JavaScript Compiler", 
    month = "Februar", 
    year = "2015", 
    url = "https://www.dartlang.org/tools/dart2js/",
}

@misc{Asynchrony,  
    title = "A Tour of the Dart Language - Asynchrony support", 
    month = "Februar", 
    year = "2015", 
    url = "https://www.dartlang.org/docs/dart-up-and-running/ch02.html#asynchrony",
}





@misc{WritingAPubTransformer,  
    title = "Writing a Pub Transformer | Dart: Structured web apps", 
    month = "Januar", 
    year = "2015", 
    url = "https://www.dartlang.org/tools/pub/transformers/",
}

@misc{ConfiguringTheBuiltInDartJsTransformerForPub,  
    title = "Configuring the Built-in dart2js Transformer for Pub | Dart: Structured web apps", 
    month = "Januar", 
    year = "2015", 
    url = "https://www.dartlang.org/tools/pub/dart2js-transformer.html",
}

@misc{AsyncAwaitGitHub,  
    title = "dart-lang/async await · GitHub", 
    month = "Januar", 
    year = "2015", 
    url = "https://github.com/dart-lang/async_await",
}






@misc{AssetsAndTransformers,  
    title = "Assets and Transformers | Dart: Structured web apps", 
    month = "Januar", 
    year = "2015", 
    url = "https://www.dartlang.org/tools/pub/assets-and-transformers.html",
}


 
@book{odell2014pro,
  title={Pro JavaScript Development: Coding, Capabilities, and Tooling},
  author={Odell, D.},
  isbn={9781430262695},
  series={Expert's voice in Web development},
  url={https://books.google.de/books?id=pyZIBAAAQBAJ},
  year={2014},
  publisher={Apress}
}

@book{walrath2012dart,
  title={Dart: Up and Running},
  author={Walrath, K. and Ladd, S.},
  isbn={9781449330897},
  lccn={2012538837},
  series={Nutshell handbook},
  url={https://books.google.de/books?id=xLxqmzlZHU4C},
  year={2012},
  publisher={O'Reilly Media}
}


@book{kopec2014dart,
  title={Dart for Absolute Beginners},
  author={Kopec, D.},
  isbn={9781430264811},
  series={Expert's voice in Web development},
  url={http://books.google.de/books?id=GytKngEACAAJ},
  year={2014},
  publisher={Apress}
}


@book{akopkokhyants2014mastering,
  title={Mastering Dart},
  author={Akopkokhyants, S.},
  isbn={9781783989577},
  url={https://books.google.de/books?id=hYGOBQAAQBAJ},
  year={2014},
  publisher={Packt Publishing}
}

@book{belchin2015advanced,
  author={Belchin, Moises and Juberias, Patricia},
  title={Web Programming with Dart},
  year={2015},
  publisher={Springer}
}

@book{EcmaDartProgrammingLanguageSpecificationSecondEdition,
  author = {{ECMA International}},
  edition = {2},
  month = {December},
  title = {Dart Programming Language Specification},
  url = { http://www.ecma-international.org/publications/files/ECMA-ST/ECMA-408.pdf },
  year = 2014
}


@book{buckett2013dart,
  title={Dart in Action},
  author={Buckett, C.},
  isbn={9781617290862},
  url={http://books.google.com.ng/books?id=ECGJMAEACAAJ},
  year={2013},
  publisher={Manning}
}

@book{EcmaDartProgrammingLanguageSpecificationFirstEdition,
  author = {{ECMA International}},
  edition = {1},
  month = {June},
  title = {Dart Programming Language Specification},
  url = { http://www.ecma-international.org/publications/files/ECMA-ST-ARCH/ECMA-408%201st%20edition%20June%202014.pdf},
  year = 2014
}

@book{walrath2012dart,
  title={What is Dart?},
  author={Walrath, K. and Ladd, S.},
  isbn={9781449332334},
  url={https://books.google.de/books?id=8\_ccs3hMw1oC},
  year={2012},
  publisher={O'Reilly Media}
}

@misc{ThirdPartySoftwareAttributionsCopyrightsLicensesAndDisclosure,       
		author = {{QlikTech}},
    title = "Third Party Software Attributions, Copyrights, Licenses and Disclosure - Qlik® Sense", 
    month = "Januar", 
    year = "2015", 
    url = "http://www.qlik.com/~/media/Files/info/license-terms-third-party/Qlik-Sense-Third-Party-License-Terms.ashx",
}

@article{stasienkobi,
  title={BI IN-MEMORY--THE NEW QUALITY OF BUSINESS INTELLIGENCE SYSTEMS},
  author={Stasie{\'n}ko, Justyna},
  journal={INFORMATION SYSTEMS IN MANAGEMENT IX},
}

@article{o2014qlik,
  title={Qlik Sense For Beginners},
  author={O'Donovan, Mark},
  year={2014},
  publisher={TechStuffy Books}
}

@misc{QlikSenseArchitecture,  
		author = {{QlikTech}},
    title = "Qlik Sense Architecture", 
    month = "Januar", 
    year = "2015", 
    url = "http://qvfiles.s3.amazonaws.com/landing_pages/DK/DK-VYW_Qlik_SenseArchitecture.pdf",
}

@misc{JsObjectJsify,  
    title = "dart:js.JsObject API Docs – JsObject-jsify", 
    month = "Januar", 
    year = "2015", 
    url = "https://api.dartlang.org/apidocs/channels/be/dartdoc-viewer/dart:js.JsObject#id_JsObject-jsify",
}



@misc{QlikViewExtensionAnimatedScatterChartSourceCode,  
    title = "QlikView Extension - Animated Scatter Chart - Source Code", 
    month = "Januar", 
    year = "2015", 
		author={Walther , Stefan},	
    url = "https://qvextanimatedscatter.codeplex.com/SourceControl/latest#D3AnimatedScatterChart/Script.js",
}

@misc{QlikViewAjaxJavaScriptLibraryLoadExtensionScripts,
		author = {{QlikTech}},  
    title = "QlikView Ajax JavaScript Library - LoadExtensionScripts", 
    month = "Januar", 
    year = "2015", 
    url = "http://qlikcommunity.s3.amazonaws.com/misc/symbols/Qv.html#LoadExtensionScripts",
}

@misc{QlikSenseWorkbenchRequirementsAndAssumptions,  
		author = {{QlikTech}},
    title = "Qlik Sense Workbench requirements and assumptions", 
    month = "Januar", 
    year = "2015", 
    url = "https://help.qlik.com/sense/en-us/developer/Subsystems/Workbench/Content/qswb_wb_requirements.htm",
}

@misc{FiveHelpfulTipsWhenUsingRequireJSTechPro,  
    title = "Five Helpful Tips When Using RequireJS - Tech.pro", 
    month = "Januar", 
		author={Cowart , Jim},		
    year = "2015", 
    url = "http://tech.pro/blog/1561/five-helpful-tips-when-using-requirejs",
}

@misc{QlikSenseWorkbench,  
		author = {{QlikTech}},
    title = "Qlik Sense Workbench", 
    month = "Januar",
    year = "2015", 
    url = "https://help.qlik.com/sense/en-us/developer/Subsystems/Workbench/Content/qswb_wb_intro.htm",
}

@misc{DartJsCallMethod,  
    title = "dart:js.JsObject API Docs - callMethod", 
    month = "Januar",
    year = "2015", 
    url = "https://api.dartlang.org/apidocs/channels/be/dartdoc-viewer/dart:js.JsObject#id_callMethod",
}



@misc{LaunchingQlikSenseWorkbench,  
		author = {{QlikTech}},
    title = "Launching Qlik Sense Workbench", 
    month = "Januar",
    year = "2015", 
    url = "https://help.qlik.com/sense/en-us/developer/Subsystems/Workbench/Content/qswb_wb_launch.htm",
}

@misc{QlikTipsExtensionsInQlikSense,  
		author={Redmond, Stephen},
    title = "Qlik Tips: Extensions in Qlik Sense", 
    month = "Januar",
    year = "2015", 
    url = "http://www.qliktips.com/2014/07/extensions-in-qlik-sense.html",
}

@misc{RequireJSAPILoadJavaScriptFiles,  
    title = "RequireJS API - Load JavaScript Files", 
    month = "Januar",
    year = "2015", 
    url = "http://requirejs.org/docs/api.html#jsfiles",
}


@misc{RequireJSAPILoadJavaScriptFiles,  
    title = "RequireJS API - Load JavaScript Files", 
    month = "Januar",
    year = "2015", 
    url = "http://requirejs.org/docs/api.html#jsfiles",
}

@misc{c3masayuki0812c3,  
    title = "c3 c3.js at 0.4.9 · masayuki0812 c3", 
    month = "Februar",
    year = "2015", 
    url = "https://github.com/masayuki0812/c3/blob/0.4.9/c3.js",
}



@book{o2014qlik,
  title={Qlik Sense For Beginners},
  author={O'Donovan, Mark},
  year={2014},
  publisher={TechStuffy Books}
}

@misc{qvAutoRefreshDefinitionXml, 
		author={Walther, Stefan},
    title = "qvAutoRefresh/Definition.xml at master · QlikDev/qvAutoRefresh · GitHub", 
    month = "Dezember", 
    year = "2014", 
    url = "https://github.com/QlikDev/qvAutoRefresh/blob/master/AutoRefresh/Definition.xml",
} 

@misc{eachDataRowMethod,  
		author = {{QlikTech}},
    title = "Qlik Sense for Developers - eachDataRow method", 
    month = "Januar", 
    year = "2015", 
    url = "https://help.qlik.com/sense/en-us/developer/Subsystems/Workbench/Content/BuildingExtensions/API/backendApi/MethodEachDataRow.htm",
} 



@misc{JsDocReferenceQvDocumentObjectDataSelectValuesInColumn,  
		author = {{QlikTech}},
    title = "JsDoc Reference - Qv.Document.Object.Data - SelectValuesInColumn", 
    month = "Januar", 
    year = "2015", 
    url = "http://qlikcommunity.s3.amazonaws.com/misc/symbols/Qv.Document.Object.Data.html#SelectValuesInColumn",
} 



@misc{C3DataOrder,  
    title = "C3.js | D3-based reusable chart library | Data Order", 
    month = "Dezember", 
    year = "2014", 
    url = "http://c3js.org/samples/data_order.html",
} 

@misc{SpecifyATextFileDependency,  
    title = "Specify a Text File Dependency", 
    month = "Dezember", 
    year = "2014", 
    url = "http://requirejs.org/docs/api.html#text",
} 

@misc{C3D3BasedReusableChartLibrary,  
    title = "C3.js | D3-based reusable chart library", 
    month = "Dezember", 
    year = "2014", 
    url = "http://c3js.org/",
} 

@misc{HTMLSelectInExtensionsQlikCommunity,  
		author = {{QlikTech}},
    title = "HTML Select in Extensions | Qlik Community", 
    month = "Dezember", 
    year = "2014", 
    url = "http://community.qlik.com/thread/53335",
} 

@misc{qvD3BulletChartsScriptJs,  
		author={Walther, Stefan},
    title = "qvD3BulletCharts/Script.js at master · QlikDev/qvD3BulletCharts · GitHub", 
    month = "Dezember", 
    year = "2014", 
    url = "https://github.com/QlikDev/qvD3BulletCharts/blob/master/D3BulletCharts/Script.js",
} 


@misc{C3ColumnOrientedData,  
    title = "C3.js | D3-based reusable chart library - Column Oriented Data", 
    month = "Dezember", 
    year = "2014", 
    url = "http://c3js.org/samples/data_columned.html",
} 

@misc{C3DataName,  
    title = "C3.js | D3-based reusable chart library - Data Name", 
    month = "Dezember", 
    year = "2014", 
    url = "http://c3js.org/samples/data_name.html",
}

@BOOK{Freeman2014,
	AUTHOR = {Freeman, Adam},
	YEAR = {2014},
	TITLE = {Pro AngularJS - },
	EDITION = {1. Aufl.},
	ISBN = {978-1-430-26449-1},
	PUBLISHER = {Apress},
	ADDRESS = {New York},
}

@book{redmond2014qlikview,
  title={QlikView Server and Publisher},
  author={Redmond, Stephen},
  year={2014},
  publisher={Packt Publishing Ltd}
}

@article{walther2013comprehensive,
  title={A Comprehensive List of QlikView Object Extensions (01/2013)},
  author={Walther, Stefan},
  year={2013},
  publisher={qlikblog. at},
	url = "http://www.qlikblog.at/1939/a-comprehensive-list-of-qlikview-object-extensions-012013/",
}
